@article{gpt4,
  title={GPT-4 Technical Report},
  author={OpenAI},
  year={2023},
  url={https://openai.com/research/gpt-4}
}

@inproceedings{llama,
  title={Llama: An Open-source Large Language Model},
  author={Meta AI},
  booktitle={ArXiv},
  year={2023}
}

@misc{ieee2023,
  title={IEEE Standard for Software Documentation}, 
  organization={IEEE},
  year={2023},
  note={IEEE 829-2023}
}
